

@article{cantimes,
  title={Calculating controller area network (CAN) message response times},
  author={Tindell, Ken and Burns, Alan and Wellings, Andy J},
  journal={Control Engineering Practice},
  volume={3},
  number={8},
  pages={1163--1169},
  year={1995},
  publisher={Elsevier}
}

@article{xiaoadvanced,
  title={Advanced Mobile Robotics Locomotion/Motion Planning/Mapping},
  author={Xiao, Jizhong},
  year = {2012}
}

@article{gao2006comment,
  title={Comment on Protocol of SAE J1939 for Vehicles},
  author={Gao, Song and Gao, Yan and Wang, Ji-hua},
  journal={Tractor \& Farm Transporter},
  volume={6},
  pages={000},
  year={2006}
}

@article{kalman,
  title={Kalman filtering},
  author={Simon, Dan},
  journal={Embedded Systems Programming},
  volume={14},
  number={6},
  pages={72--79},
  year={2001}
}

@BOOK{m32,
  title={M32 GSM/GPRS Wireless Module Datasheet},
  publisher={Benq Corp.},
  year={2001}
}

@BOOK{atmega88,
  year = {2012},
  title = {8-bit Microcontroller with In-System Programmable Flash},
  publisher = {Atmel Corp.}
}

@BOOK{rainfall,
  title = {Canadian Climate Normals 1971–2000 - Squamish Upper.},
  publisher = {Environment Canada},
  year = {2001}
}

@BOOK{humidity,
  title = {National Climate Data and Information Archive},
  publisher = {Environment Canada},
  month = apr,
  year = {2013}
}


@BOOK{gm8908,
  title = {深圳市聚茂源科技有限公司 - 风速计GM8908 - 风速计GM8908},
  author = {Shenzhen Jumaoyuan Science And Technology Co., Ltd},
  year = {2012}
}

@BOOK{1wiresearch,
  title = {Application Note 187: 1-Wire Search Algorithm},
  publisher = {Maxim Integrated},
  year = {2002}
}

@BOOK{olivia-mfsk,
  title = {Olivia MFSK bandplan},
  author = {HFpack Inc.},
  publisher = {\url{http://hflink.com/olivia/}},
  year = {2010},
  month = nov
}

@BOOK{quartz,
  title = {AN1200.07: Improving the Accuracy of a Crystal Oscillator},
  publisher = {Semtech Corp.},
%  url = {\url{http://www.semtech.com/images/datasheet/xo_precision_std.pdf}},
  year = 2009
}

@BOOK{m32,
  title={M32 GSM/GPRS Wireless Module},
  publisher={Benq Corp.},
  year={2001}
}

@article{tilt,
  title={Applications of magnetoresistive sensors in navigation systems},
  author={Caruso, Michael J},
  journal={SAE transactions},
  volume={106},
  pages={1092--1098},
  year={1997},
  publisher={AMERICAN TECHNICAL PUBLISHERS LTD}
}

@BOOK{bmp085,
  title = {BMP085 Digital barometric pressure sensor},
  publisher = {Bosch Sensortec},
  year = {2011},
  month = aug
}

@BOOK{ds18b20,
  title = {DS18B20 Programmable Resolution 1-Wire Digital Thermometer},
  publisher = {Maxim Integrated Semiconductor},
  year = {2008}
}